<?xml version="1.0" encoding="UTF-8"?>
<collection xmlns:xsi="http://www.w3.org/2001/XMLSchema-instance" xsi:schemaLocation="http://www.loc.gov/MARC21/slim http://www.loc.gov/standards/marcxml/schema/MARC21slim.xsd" xmlns="http://www.loc.gov/MARC21/slim">
<record>
  <leader>01272cam a2200325Ma 4500</leader>
  <controlfield tag="001">4318453</controlfield>
  <controlfield tag="003">NNC</controlfield>
  <controlfield tag="005">20130520210419.0</controlfield>
  <controlfield tag="008">950406s1952    ua       b    000 0baraod</controlfield>
  <datafield tag="035" ind1=" " ind2=" ">
    <subfield code="a">(OCoLC)ocm32972363</subfield>
  </datafield>
  <datafield tag="035" ind1=" " ind2=" ">
    <subfield code="a">(NNC)4318453</subfield>
  </datafield>
  <datafield tag="035" ind1=" " ind2=" ">
    <subfield code="a">4318453</subfield>
  </datafield>
  <datafield tag="040" ind1=" " ind2=" ">
    <subfield code="a">RBN</subfield>
    <subfield code="c">RBN</subfield>
    <subfield code="d">OCL</subfield>
    <subfield code="d">VYS</subfield>
    <subfield code="d">ZCU</subfield>
  </datafield>
  <datafield tag="041" ind1="0" ind2=" ">
    <subfield code="a">arafre</subfield>
  </datafield>
  <datafield tag="050" ind1="1" ind2="4">
    <subfield code="a">B751.Z7</subfield>
    <subfield code="b">K37x 1952</subfield>
  </datafield>
  <datafield tag="099" ind1=" " ind2=" ">
    <subfield code="a">893.7Ib562</subfield>
    <subfield code="a">GC25</subfield>
    <subfield code="a">no.3</subfield>
  </datafield>
  <datafield tag="100" ind1="1" ind2=" ">
    <subfield code="a">Kāshī, Yaḥyá ibn Aḥmad.</subfield>
  </datafield>
  <datafield tag="245" ind1="1" ind2="0">
    <subfield code="a">Nukat fī aḥwāl al-Shaykh al-Raʾīs Ibn Sīnā /</subfield>
    <subfield code="c">li-Yaḥyá ibn Aḥmad al-Kāshī ; taḥqīq Aḥmad Fuʾād al-Ahwānī.</subfield>
  </datafield>
  <datafield tag="246" ind1="1" ind2="5">
    <subfield code="a">Aperçu sur la biographie d'Avicenne</subfield>
  </datafield>
  <datafield tag="260" ind1=" " ind2=" ">
    <subfield code="a">al-Qāhirah :</subfield>
    <subfield code="b">Manshūrāt al-Maʻhad al-ʻIlmī al-Faransī lil-Āthār al-Sharqīyah,</subfield>
    <subfield code="c">1952.</subfield>
  </datafield>
  <datafield tag="300" ind1=" " ind2=" ">
    <subfield code="a">35 p. ;</subfield>
    <subfield code="c">26 cm.</subfield>
  </datafield>
  <datafield tag="490" ind1="1" ind2=" ">
    <subfield code="a">Dhikrá ibn Sīnā ;</subfield>
    <subfield code="v">3</subfield>
  </datafield>
  <datafield tag="490" ind1="1" ind2=" ">
    <subfield code="a">Publications de l'Institut français d'archéologie orientale du Caire</subfield>
  </datafield>
  <datafield tag="546" ind1=" " ind2=" ">
    <subfield code="a">Text in Arabic; introd. in French.</subfield>
  </datafield>
  <datafield tag="504" ind1=" " ind2=" ">
    <subfield code="a">Includes bibliographical references.</subfield>
  </datafield>
  <datafield tag="600" ind1="0" ind2="0">
    <subfield code="a">Avicenna,</subfield>
    <subfield code="d">980-1037.</subfield>
  </datafield>
  <datafield tag="700" ind1="1" ind2=" ">
    <subfield code="a">Ahwānī, Aḥmad Fuʼād,</subfield>
    <subfield code="d">-1970.</subfield>
  </datafield>
  <datafield tag="830" ind1=" " ind2="0">
    <subfield code="a">Dhikrá ibn Sīnā ;</subfield>
    <subfield code="v">3.</subfield>
  </datafield>
  <datafield tag="830" ind1=" " ind2="0">
    <subfield code="a">Publications de l'Institut français d'archéologie orientale du Caire.</subfield>
  </datafield>
  <datafield tag="955" ind1=" " ind2=" ">
    <subfield code="b">0026815206</subfield>
    <subfield code="d">glx</subfield>
    <subfield code="e">893.7Ib562 GC25 no.3</subfield>
    <subfield code="v">v.3</subfield>
  </datafield>
</record>
</collection>